\usepackage{url}

@book{Almasi:1989,
 author = {Almasi, G. S. and Gottlieb, A.},
 title = {Highly Parallel Computing},
 year = {1989},
 isbn = {0-8053-0177-1},
 publisher = {Benjamin-Cummings Publishing Co., Inc.},
 address = {Redwood City, CA, USA},
} 

@book{DataMiningConcepts,
	title = {Data {M}ining: {C}oncepts and {T}echniques},
	chapter={What is {D}ata {M}ining?}, 
	author = {Han, Jiawei and Kamber, Micheline},
	publisher={Morgan Kaufmann},
	year={2006},
}

@article{IntroInstanceSelect,
  title={Advances in instance selection for instance-based learning algorithms},
  author={Brighton, Henry and Mellish, Chris},
  journal={Data mining and knowledge discovery},
  year={2002},
  publisher={Kluwer Academic Publishers},
  note = {\url{http://citeseerx.ist.psu.edu/viewdoc/download?doi=10.1.1.294.6862&rep=rep1&type=pdf}},
}


@misc{SparkDoc,
	title = {Spark 1.5.1 documentation},
	author = {Apache Spark},
	note={\url{http://spark.apache.org/docs/1.5.1/}},
}

@misc{PythonVsScala,
	title = {Python vs. {S}cala vs. {S}park},
	author = {Peter Kerpedjiev},
	note={\url{http://emptypipes.org/2015/01/17/python-vs-scala-vs-spark/},visited 2015-10-15},
	year = {2015},
}

@article{SparkPaper,
  title={Spark: {C}luster {C}omputing with {W}orking {S}ets},
  author={Zaharia, Matei and Chowdhury, Mosharaf and J. Franklin, Michael and Shenker, Scott and Stoica, Ion },
  year={2010},
  journal={University of California, Berkeley},
  note = {\url{http://people.csail.mit.edu/matei/papers/2010/hotcloud_spark.pdf}},
}

@article{RDDPaper,
  title={Resilient {D}istributed {D}atasets: {A} {F}ault-{T}olerant {A}bstraction for
{I}n-{M}emory {C}luster {C}omputing},
  author={ Zaharia, Matei and Chowdhury, Mosharaf and Das, Tathagata and Dave, Ankur and Ma, Justin and
McCauley, Murphy and  J. Franklin, Michael and Shenker, Scott and Stoica, Ion},
  year={2012},
  journal={University of California, Berkeley},
  note = {\url{http://www.cs.berkeley.edu/~matei/papers/2012/nsdi_spark.pdf}},
}

@misc{DatabricksSlides,
	title = {Intro to {A}pache {S}park},
	author = {Databricks},
	note={\url{http://training.databricks.com/workshop/itas_workshop.pdf}},
	year={2014},
}

@misc{ApacheContributions,
	title = {Apache {S}oftware {F}oundation-{O}rganization summary},
	author = {Jagielski, Jim},
	note={\url{https://www.openhub.net/orgs/apache}},
	year={2015},
}


@misc{WikiScrum,
	title = {Scrum {(}software development{)}  --- {W}ikipedia{,} {T}he {F}ree {E}ncyclopedia},
	author = {Wikipedia},
	note={\url{ "https://en.wikipedia.org/w/index.php?title=Scrum_(software_development)&oldid=688230392"}, visited 2015-10-19},
}

@misc{CSVWeka,
	title = {Can {I} use {C}{S}{V} files?},
	author = {Weka,The University of Waikato},	note={\url{https://weka.wikispaces.com/Can+I+use+CSV+files%3F}, visited 2015-10-28},
	year={2009},
}

@techreport{ISO9126,
 author = {ISO},
 Institution = {International Organization for Standardization},
 address = {Geneva, Switzerland},
 Title = {Software engineering -- Product quality},
 number = {9126-1:2003},
 Type = {ISO},
 Year = {2008}
 } 
 
@misc{CompParalelaWiki,
   author = "Wikipedia",
   title = "Parallel computing --- {W}ikipedia{,} {T}he {F}ree {E}ncyclopedia",
   note={\url{https://en.wikipedia.org/w/index.php?title=Parallel_computing&oldid=688312615},visited 2015-11-3},
}

@book{Bondi:2000,
 author = {Bondi, Andr{\'e} B.},
 title = {Characteristics of Scalability and Their Impact on Performance},
 booktitle = {Proceedings of the 2Nd International Workshop on Software and Performance},
 year = {2000},
 isbn = {1-58113-195-X},
 pages = {195--203},
 note={\url{http://doi.acm.org/10.1145/350391.350432}},
 publisher = {ACM}
} 

@inproceedings{LSHISPaper,
author = "Arnaiz-{G}onzález, {Á}lvar and {D}iez {P}astor, {J}osé {F}. and {G}arcía-{O}sorio, {C}ésar and {R}odrígez, {J}uan {J}. " ,
title = {L{SH-IS}: Un nuevo algoritmo de selección de instancias de complejidad lineal para grandes conjuntos de datos},
booktitle = {Actas de la {XVI} {C}onferencia de la {A}sociaci\'on {E}spa\~nola para la {I}nteligencia {A}rtificial {CAEPIA} 2015},
crossref={CAEPIA:2015},
}

@proceedings{CAEPIA:2015,
	title = "Actas de la {XVI} {C}onferencia de la {A}sociaci\'on {E}spa\~nola para la {I}nteligencia {A}rtificial {CAEPIA} 2015",
	year = {2015},
	organization = {{A}sociaci\'on {E}spa\~nola para la {I}nteligencia {A}rtificial},
	url = {http://simd.albacete.org/actascaepia15/},
	isbn = {978-84-608-4099-2},
}
 
 @article{DemoISPaper,
author = "Arnaiz-González, Álvar and Diez Pastor, José F. and García-Osorio, César and Rodrígez, Juan J. " ,
title = "Democratic instance selection: {A} linear complexity instance selection
algorithm based on classifier ensemble concepts" ,
year = "2010",
journal = "Elsevier",
volume = "Volume 174",
Issue = {5-6},
pages = {410--441},
 }

@misc{HadoopPage,
	title = "Apache {H}adoop",
	author = "The {A}pache {S}oftware {F}oundation",
   note={\url{https://hadoop.apache.org/}}
}

@misc{ScalaIDEPage,
	title = "Scala{IDE} for {E}clipse",
	author = "Scala {IDE} for {E}clipse",
   note={\url{http://scala-ide.org}}
}

@misc{Garcia2012,
	title = "Prototype {S}election for {N}earest {N}eighbor {C}lassification: {S}urvey of {M}ethods",
	author = "García, Salvador and Derrac, Joaquín and Ramón Cano, José and Herrera, Francisco",
	publisher = "IEEE",
	year="2012",
   note={\url{http://sci2s.ugr.es/sites/default/files/files/TematicWebSites/pr/T-4-2010-PSMethods.pdf}}
}

@misc{Garcia2011,
	title = "A {T}axonomy and {E}xperimental {S}tudy on {P}rototype {G}eneration for {N}earest {N}eighbor {C}lassification",
	author = "García, Salvador and Derrac, Joaquín and Herrera, Francisco",
	publisher = "IEEE",
	year="2011",
   note={\url{http://sci2s.ugr.es/sites/default/files/ficherosPublicaciones/1365_2012-Triguero-IEEETSMCC.pdf}}
}


@misc{WhyIssues,
	title = "Agile workflow with {G}it{H}ub issues",
	author = "Dugas, Cedric",
	year="2014",
   note={\url{http://www.position-absolute.com/articles/agile-workflow-with-github-issues/}}
}

@misc{Java7vs8,
	title = "Making {A}pache {S}park {E}asier to {U}se in {J}ava with {J}ava 8",
	author = "Kestelyn, Justin",
	year="2014",
   note={\url{http://blog.cloudera.com/blog/2014/04/making-apache-spark-easier-to-use-in-java-with-java-8/}}
}

@article{fayyad1996data,
  title={From data mining to knowledge discovery in databases},
  author={Fayyad, Usama and Piatetsky-Shapiro, Gregory and Smyth, Padhraic},
  journal={AI magazine},
  volume={17},
  number={3},
  pages={37},
  year={1996}
}

@article{MapReducePaper,
 author = {Dean, Jeffrey and Ghemawat, Sanjay},
 title = {MapReduce: Simplified Data Processing on Large Clusters},
 journal = {Commun. ACM},
 issue_date = {January 2008},
 volume = {51},
 number = {1},
 month = jan,
 year = {2008},
 issn = {0001-0782},
 pages = {107--113},
 numpages = {7},
 url = {http://doi.acm.org/10.1145/1327452.1327492},
 doi = {10.1145/1327452.1327492},
 acmid = {1327492},
 publisher = {ACM},
 address = {New York, NY, USA},
} 

@inproceedings{KNNConferencia,
  title={Un enfoque MapReduce del algoritmo k-vecinos m{\'a}s cercanos para Big Data},
  author={Maillo, Jes{\'u}s and Triguero, Isaac and Herrera, Francisco},
  booktitle = {Actas de la {XVI} {C}onferencia de la {A}sociaci\'on {E}spa\~nola para la {I}nteligencia {A}rtificial {CAEPIA} 2015},
  crossref = {CAEPIA:2015},
  
}

@inproceedings{arnaiz2012herramienta,
title={Herramienta de apoyo a la docencia de algoritmos de selecci{\'o}n de instancias}, author={Arn{\'a}iz Gonz{\'a}lez, {\'A}lvar and D{\'\i}ez Pastor, Jos{\'e} Francisco and Garc{\'\i}a Osorio, C{\'e}sar and Rodr{\'\i}guez D{\'\i}ez, Juan Jos{\'e}},
booktitle = {Jornadas de Ense{\~n}anza de la Inform{\'a}tica},
crossref = {CiudadReal:2012},
}

@proceedings{CiudadReal:2012,
	title = {Jornadas de Ense{\~n}anza de la Inform{\'a}tica},
	organization = {Universidad de Castilla-La Mancha},
	year = {2012}
}

@misc{HumanActivityDataset,
	title = {Wearable {C}omputing: {A}ccelerometers' {D}ata {C}lassification of {B}ody {P}ostures and {M}ovements},
	author = {Ugulino, Wallace and Cardador, Débora and Vega, Katia and Velloso, Eduardo and Milidiú, Ruy and Fuks, Hugo},	
	note={\url{http://groupware.les.inf.puc-rio.br/public/papers/2012.Ugulino.WearableComputing.HAR.Classifier.RIBBON.pdf}, visited 2015-10-28},
}

@misc{ShuffleSpark,
	title = {Everyday {I}'m {S}huffling - {T}ips for {W}riting {B}etter {S}park {P}rograms},
	author = {Ha, Vida and Karau Holden},
	note = {\url{ https://docs.google.com/presentation/d/1efr89yUhiVXZtaJ7yQDjKpseQB7OEl_wGYm5Q5IwOo8/edit?usp=sharing}},

}

@article{KEELSoft1,
	author = {{A}lcal{\'a}-{F}dez,{J}. and {S}{\'a}nchez,{L}. and {G}arc{\'i}a,{S.} del {J}esus,{M.J} and {V}entura,{S}. and {G}arrell,     {J.M} and {O}tero,{J}. and {R}omero,{C}. and {B}acardit,{J}. and {R}ivas,{M}.{V} and {F}ern{\'a}ndez,{J}.{C}. and {H}errera,{F}.},
	title = {K{EEL}: {A} {S}oftware {T}ool to {A}ssess {E}volutionary {A}lgorithms to {D}ata {M}ining {P}roblems},
	year = {2009},
	journal = {Soft Computing},
	volume = {13},
	issue = {3},
	pages = {307--318},
	doi = {10.1007/s00500-008-0323-y},
}

@article{KEELSoft2,
	author = {{A}lcal{\'a}-{F}dez,{J}. and {F}ernandez,{A}. and {L}uengo,{J}. and {D}errac,{J}. and {G}arc{\'i}a,{S} and {S}{\'a}nchez,{L}. and {H}errera,{F}.},
	title = {K{EEL} {D}ata-{M}ining {S}oftware {T}ool: {D}ata {S}et {R}epository, {I}ntegration of {A}lgorithms and {E}xperimental {A}nalysis {F}ramework},
	year = {2011},
	journal = {Journal of Multiple-Valued Logic and Soft Computing},
	volume = {17},
	issue = {2-3},
	pages = {255--287},
}

@article{WekaSoft,
	author = {Hall, {M}ark and {F}rank,{E}ibe and {H}olmes,{G}eoffrey and {P}fahringer,{B}ernhard and {R}eutemann,{P}etter and {H},{I}an},
	title = {The WEKA Data Mining Software: An Update},
	year = {2009},
	journal = {S{IGKDD E}xplorations} ,
	volume = {11} ,
	issue = {1},
}

@misc{dataprocSoft,
	author = {Google Inc.},
	title = {Google {C}loud {D}ataproc},
	note = {\url{https://cloud.google.com/dataproc/}},
}

@article{bigDataDef,
author = {Snijders,Chris and Matzat, Uwe and Reips,Ulf--Dietrich},
title = {``Big Data'': Big Gaps of Knowledge in the Field of Internet Science},
journal = {International Journal of INternet Science},
volume = {7},
issue = {1},
pages = {1-5},
note = {\url{http://www.ijis.net/ijis7_1/ijis7_1_editorial.pdf}},
}

@inproceedings{cox1997application,
  title={Application-controlled demand paging for out-of-core visualization},
  author={Cox, Michael and Ellsworth, David},
  booktitle={Proceedings of the 8th conference on Visualization'97},
  pages={235--ff},
  year={1997},
  organization={IEEE Computer Society Press},
}

@misc{forbesBigData,
title = {A Very Short History Of Big Data},
author = {Press, Gil},
note = {\url{http://www.forbes.com/sites/gilpress/2013/05/09/a-very-short-history-of-big-data/}},
}

@inproceedings{baer2015integrating,
  title={Integrating apache spark into PBS-Based HPC environments},
  author={Baer, Troy and Peltz, Paul and Yin, Junqi and Begoli, Edmon},
  booktitle={Proceedings of the 2015 XSEDE Conference: Scientific Advancements Enabled by Enhanced Cyberinfrastructure},
  pages={34},
  year={2015},
  organization={ACM}
}
