@misc{ Scala2.12Roadmap,
       author = "École {P}olytechnique {F}édérale de {L}ausanne ({EPFL})",
       title = "Scala 2.12 roadmap",
       year = "2015",
       note = {\url{http://www.scala-lang.org/news/2.12-roadmap}},
}
@misc{ SparkDependencies,
       author = "Spark",
       title = "Machine {L}earning {L}ibrary ({ML}lib) {G}uide - {D}ependencies",
       year = "2015",
       note = {\url{http://spark.apache.org/docs/latest/mllib-guide.html#dependencies}},
}